<record><leader>00000cas a22000007a 4500</leader><controlfield tag="001">19106810</controlfield><controlfield tag="008">890206d19031903ndudr ne      0    0eng d</controlfield><datafield ind1=" " ind2=" " tag="010"><subfield code="a">sn 88076517 </subfield></datafield><datafield ind1=" " ind2=" " tag="040"><subfield code="a">NOP</subfield><subfield code="b">eng</subfield><subfield code="c">NOP</subfield><subfield code="d">OCLCQ</subfield></datafield><datafield ind1=" " ind2=" " tag="042"><subfield code="a">msc</subfield></datafield><datafield ind1="0" ind2=" " tag="130"><subfield code="a">Devils Lake inter-ocean (Devils Lake, N.D. : 1903)</subfield></datafield><datafield ind1="1" ind2="0" tag="245"><subfield code="a">Devils Lake inter-ocean.</subfield></datafield><datafield ind1=" " ind2=" " tag="260"><subfield code="a">Devils Lake, N.D. :</subfield><subfield code="b">[s.n.]</subfield></datafield><datafield ind1=" " ind2=" " tag="300"><subfield code="a">1 v. ;</subfield><subfield code="c">56 cm.</subfield></datafield><datafield ind1=" " ind2=" " tag="310"><subfield code="a">Daily</subfield></datafield><datafield ind1="1" ind2=" " tag="362"><subfield code="a">Began June 26, 1903? Ceased in Aug. 1903?</subfield></datafield><datafield ind1=" " ind2=" " tag="500"><subfield code="a">Some issues marked Daily Edition.</subfield></datafield><datafield ind1=" " ind2=" " tag="530"><subfield code="a">Available on microfilm from the State Historical Society of North Dakota.</subfield></datafield><datafield ind1=" " ind2=" " tag="588"><subfield code="a">Description based on: Vol. 1, no. 2 (June 27, 1903).</subfield></datafield><datafield ind1=" " ind2=" " tag="752"><subfield code="a">United States</subfield><subfield code="b">North Dakota</subfield><subfield code="c">Ramsey</subfield><subfield code="d">Devils Lake.</subfield></datafield><datafield ind1="0" ind2=" " tag="775"><subfield code="t">Devils Lake inter-ocean (Devils Lake, N.D. : 1884)</subfield><subfield code="w">(DLC)sn 88076514</subfield></datafield></record>